%% This BibTeX bibliography file was created using BibDesk.
%% http://bibdesk.sourceforge.net/

%% Created for Hau Chan at 2017-07-06 21:27:15 -0700 


%% Saved with string encoding Unicode (UTF-8) 


@string{aaainew = {Proceedings of the AAAI Conference on Artificial Intelligence (AAAI)}}

@string{aaaiold = {Proceedings of the National Conference on Artificial Intelligence (AAAI)}}

@string{aiide = {Proceedings of the AAAI Conference on Artificial Intelligence and Interactive Digital Entertainment (AIIDE)}}

@string{aij = {Artificial Intelligence}}

@string{aimag = {{AI} Magazine}}

@string{ecai = {Proceedings of the European Conference on Artificial Intelligence (ECAI)}}

@string{hri = {Proceedings of the International Conference on Human-Robot Interaction (HRI)}}

@string{hsdip = {Proceedings of the Workshop on Heuristics and Search for Domain-independent Planning}}

@string{icaart = {Proceedings of the International Conference on Agents and Artificial Intelligence (ICAART)}}

@string{icaps = {Proceedings of the International Conference on Automated Planning and Scheduling (ICAPS)}}

@string{ijcai = {Proceedings of the International Joint Conference on Artificial Intelligence (IJCAI)}}

@string{isvc = {Proceedings of the International Symposium on Advances in Visual Computing}}

@string{its = {Proceedings of the International Conference on Intelligent Tutoring Systems (ITS)}}

@string{nswctc = {Proceedings of the International Conference on Networks Security Wireless Communications and Trusted Computing}}


@incollection{Raghavan2003,
	Author = {Raghavan, T. E. S.},
	Booktitle = {Stochastic Games and Applications},
	Date-Added = {2017-07-07 04:26:32 +0000},
	Date-Modified = {2017-07-07 04:27:15 +0000},
	Editor = {Neyman, Abraham and Sorin, Sylvain},
	Pages = {227--251},
	Publisher = {Springer Netherlands},
	Title = {Finite-Step Algorithms for Single-Controller and Perfect Information Stochastic Games},
	Year = {2003},
	Bdsk-Url-1 = {http://dx.doi.org/10.1007/978-94-010-0189-2_15}}

@misc{fudenberg1991game,
	Author = {Fudenberg, Drew and Tirole, Jean},
	Date-Added = {2017-07-07 04:25:52 +0000},
	Date-Modified = {2017-07-07 04:25:52 +0000},
	Publisher = {MIT press Cambridge, MA},
	Title = {Game theory},
	Year = {1991}}

@inproceedings{braynov:06,
	Author = {S. Braynov},
	Booktitle = {Proceedings of the Secure Knowledge Management Workshop},
	Title = {Adversarial Planning and Plan Recognition: Two Sides of the Same Coin},
	Year = {2006}}

@inproceedings{guillarme:15,
	Author = {N. Le Guillarme and A.-I. Mouaddib and X. Lerouvreur and S. Gatepaille},
	Booktitle = {Proceedings of the Workshop on Distributed and Multi-Agent Planning},
	Date-Modified = {2017-07-07 03:23:08 +0000},
	Title = {A Generative Game-Theoretic Framework for Adversarial Plan Recognition},
	Year = {2015}}

@inproceedings{lisy:12,
	Author = {Viliam Lis{\'{y}} and Radek P{\'{\i}}bil and Jan Stiborek and Branislav Bosansk{\'{y}} and Michal Pechoucek},
	Booktitle = ECAI,
	Pages = {546--551},
	Title = {Game-theoretic Approach to Adversarial Plan Recognition},
	Year = {2012}}

@book{Sukthankar:14,
	Author = {Gita Sukthankar and Christopher Geib and Hung Hai Bui and David Pynadath and Robert P Goldman},
	Publisher = {Newnes},
	Title = {Plan, activity, and intent recognition: Theory and practice},
	Year = {2014}}

@phdthesis{kautz:87,
	Author = {Henry A Kautz},
	School = {Bell Laboratories},
	Title = {A Formal Theory of Plan Recognition},
	Year = {1987}}

@inproceedings{son:16,
	Author = {Tran Cao Son and Orkunt Sabuncu and Christian Schulz-Hanke and Torsten Schaub and William Yeoh},
	Booktitle = AAAInew,
	Title = {Solving Goal Recognition Design using ASP},
	Year = {2016}}

@inproceedings{wayllace:16,
	Author = {Christabel Wayllace and Ping Hou and William Yeoh and Tran Cao Son},
	Booktitle = {Proceedings of the International Joint Conference on Artificial Intelligence (IJCAI)},
	Title = {Goal Recognition Design with Stochastic Agent Action Outcomes},
	Year = {2016}}

@article{schmidt:78,
	Author = {Charles Schmidt and N. Sridharan and John Goodson},
	Journal = AIJ,
	Number = {1--2},
	Pages = {45--83},
	Title = {The Plan Recognition Problem: An Intersection of Psychology and Artificial Intelligence},
	Volume = {11},
	Year = {1978}}

@inproceedings{ramirez:09,
	Author = {Miquel Ram{\'{\i}}rez and Hector Geffner},
	Booktitle = IJCAI,
	Pages = {1778--1783},
	Title = {Plan Recognition as Planning},
	Year = {2009}}

@inproceedings{ramirez:11,
	Author = {Miquel Ram{\'{\i}}rez and Hector Geffner},
	Booktitle = IJCAI,
	Pages = {2009--2014},
	Title = {Goal Recognition over {POMDPs}: Inferring the Intention of a {POMDP} Agent},
	Year = {2011}}

@inproceedings{ramirez:10,
	Author = {Miquel Ram{\'{\i}}rez and Hector Geffner},
	Booktitle = AAAInew,
	Pages = {1121--1126},
	Title = {Probabilistic Plan Recognition Using Off-the-Shelf Classical Planners},
	Year = {2010}}

@inproceedings{keren:14,
	Author = {Sarah Keren and Avigdor Gal and Erez Karpas},
	Booktitle = ICAPS,
	Pages = {154--162},
	Title = {Goal Recognition Design},
	Year = {2014}}

@inproceedings{keren:15,
	Author = {Sarah Keren and Avigdor Gal and Erez Karpas},
	Booktitle = AAAInew,
	Pages = {3298--3304},
	Title = {Goal Recognition Design for Non-Optimal Agents},
	Year = {2015}}

@inproceedings{keren:xx,
	Author = {Sarah Keren and Avigdor Gal and Erez Karpas},
	Booktitle = HSDIP,
	Title = {Goal Recognition Design With Non-Observable Actions},
	Year = {2015}}

@inproceedings{keren:16,
	Author = {Sarah Keren and Avigdor Gal and Erez Karpas},
	Booktitle = AAAInew,
	Pages = {3152--3158},
	Title = {Goal Recognition Design With Non-Observable Actions},
	Year = {2016}}

@inproceedings{keren:16b,
	Author = {Sarah Keren and Avigdor Gal and Erez Karpas},
	Booktitle = IJCAI,
	Pages = {3170--3176},
	Title = {Privacy Preserving Plans in Partially Observable Environments},
	Year = {2016}}

@misc{lester:15,
	Author = {James Lester},
	Howpublished = {Personal correspondence},
	Year = {2015}}

@inproceedings{min:14,
	Author = {Wookhee Min and Eunyoung Ha and Jonathan Rowe and Bradford Mott and James Lester},
	Booktitle = AIIDE,
	Title = {Deep Learning-Based Goal Recognition in Open-Ended Digital Games},
	Year = {2014}}

@inproceedings{geib:07,
	Author = {Christopher Geib and Mark Steedman},
	Booktitle = IJCAI,
	Pages = {1612--1617},
	Title = {On Natural Language Processing and Plan Recognition},
	Year = {2007}}

@inproceedings{vilain:90,
	Author = {Marc Vilain},
	Booktitle = AAAIold,
	Pages = {190--197},
	Title = {Getting Serious About Parsing Plans: A Grammatical Analysis of Plan Recognition},
	Year = {1990}}

@article{jarvis:05,
	Author = {Peter Jarvis and Teresa Lunt and Karen Myers},
	Journal = AIMag,
	Number = {3},
	Pages = {73--81},
	Title = {Identifying Terrorist Activity with {AI} Plan Recognition Technology},
	Volume = {26},
	Year = {2005}}

@inproceedings{oh:11,
	Author = {Jean Oh and Felipe Meneguzzi and Katia Sycara and Timothy Norman},
	Booktitle = IJCAI,
	Pages = {2513--2518},
	Title = {An Agent Architecture for Prognostic Reasoning Assistance},
	Year = {2011}}

@inproceedings{oh:11b,
	Author = {Jean Oh and Felipe Meneguzzi and Katia Sycara and Timothy Norman},
	Booktitle = ICAART,
	Pages = {281--287},
	Title = {Probabilistic Plan Recognition for Intelligent Information Agents: Towards Proactive Software Assistant Agents},
	Year = {2011}}

@inproceedings{oh:10,
	Author = {Jean Oh and Felipe Meneguzzi and Katia Sycara and Timothy Norman},
	Booktitle = ECAI,
	Pages = {1055--1056},
	Title = {{ANTIPA}: An Agent Architecture for Intelligent Information Assistance},
	Year = {2010}}

@article{johnson:10,
	Author = {W. Lewis Johnson},
	Journal = {International Journal of Artificial Intelligence in Education},
	Number = {2},
	Pages = {175--195},
	Title = {Serious Use of a Serious Game for Language Learning},
	Volume = {20},
	Year = {2010}}

@inproceedings{mcquiggan:08,
	Author = {Scott McQuiggan and Jonathan Rowe and Sunyoung Lee and James Lester},
	Booktitle = ITS,
	Pages = {530--539},
	Title = {Story-Based Learning: The Impact of Narrative on Learning Experiences and Outcomes},
	Year = {2008}}

@inproceedings{lee:12,
	Author = {Seung Lee and Bradford Mott and James Lester},
	Booktitle = ITS,
	Pages = {476--481},
	Title = {Real-Time Narrative-Centered Tutorial Planning for Story-Based Learning},
	Year = {2012}}

@inproceedings{tavakkoli:07,
	Author = {Alireza Tavakkoli and Richard Kelley and Christopher King and Mircea Nicolescu and Monica Nicolescu and George Bebis},
	Booktitle = ISVC,
	Pages = {173--182},
	Title = {A Vision-Based Architecture for Intent Recognition},
	Year = {2007}}

@inproceedings{kelley:12,
	Author = {Richard Kelley and Liesl Wigand and Brian Hamilton and Katie Browne and Monica Nicolescu and Mircea Nicolescu},
	Booktitle = HRI,
	Pages = {171--172},
	Title = {Deep Networks for Predicting Human Intent with Respect to Objects},
	Year = {2012}}

@inproceedings{hoffmann:15,
	Author = {J{\"{o}}rg Hoffmann},
	Booktitle = ICAPS,
	Pages = {364--372},
	Title = {Simulated Penetration Testing: From ``{Dijkstra}'' to ``{Turing Test++}''},
	Year = {2015}}

@inproceedings{durkota:15,
	Author = {Karel Durkota and Viliam Lis{\'{y}} and Branislav Bosansk{\'{y}} and Christopher Kiekintveld},
	Booktitle = IJCAI,
	Pages = {526--532},
	Title = {Optimal Network Security Hardening Using Attack Graph Games},
	Year = {2015}}

@inproceedings{qassrawi:10,
	Author = {Mahmoud Qassrawi and Zhang Hongli},
	Booktitle = NSWCTC,
	Pages = {462--467},
	Title = {Deception Methodology in Virtual Honeypots},
	Year = {2010}}
